@book{lieb2001analysis,
  title={Analysis},
  author={Lieb, E.H. and Loss, M.},
  isbn={9780821827833},
  lccn={01018215},
  series={Graduate Studies in Mathematics},
  url={http://books.google.lu/books?id=Eb\_7oRorXJgC},
  year={2001},
  publisher={American Mathematical Society}
}
@book{jost2011riemannian,
  title={Riemannian Geometry and Geometric Analysis},
  author={Jost, J.},
  isbn={9783642212970},
  lccn={2011932682},
  series={Universitext Series},
  url={http://books.google.lu/books?id=UjzUqF2mRWYC},
  year={2011},
  publisher={Springer}
}
@book{differentialmanifolds,
  title={Foundations of Differentiable Manifolds and Lie Groups},
  author={Warner, F.W.},
  isbn={9780387908946},
  lccn={83012395},
  series={Graduate Texts in Mathematics},
  url={http://books.google.lu/books?id=iaeUqc2yQVQC},
  year={1971},
  publisher={Springer}
}
@book{davies1999spectral,
  title={Spectral Theory and Geometry: Icms Instructional Conference, Edinburgh 1998},
  author={Davies, E.B. and Safarov, Y. and London Mathematical Society and International Centre for Mathematical Sciences},
  isbn={9780521777490},
  lccn={00269265},
  series={London Mathematical Society Lecture Note Series},
  url={http://books.google.lu/books?id=Y-PxKiJElnEC},
  year={1999},
  publisher={Cambridge University Press}
}
@misc{BasicRiemannianGeometry,
	title = {Basic Riemannian Geometry},
	author = {Burstall, {FE}},
        howpublished = website,
        note = {\url{http://people.bath.ac.uk/feb/papers/icms/paper.pdf}}
}
@book{geometricphases2004,
  title={Geometric Phases in Classical and Quantum Mechanics},
  author={Chru{\'s}ci{\'n}ski, D. and Jamio{\l}kowski, A.},
  isbn={9780817642822},
  lccn={2004046278},
  series={Progress in Mathematical Physics},
  url={http://books.google.lu/books?id=Ykay9TLxZIYC},
  year={2004},
  publisher={Birkh{\"a}user}
}
@book{john1994gauge,
  title={Gauge Fields, Knots, and Gravity},
  author={John C. Baez and Muniain, J.P.},
  isbn={9789810217297},
  lccn={94003438},
  series={K \& E Series on Knots and Everything},
  url={http://books.google.lu/books?id=YiGoQgAACAAJ},
  year={1994},
  publisher={World Scientific}
}