
@misc{cosma_ioana_a._aims,
	title = {{AIMS} Review Course: Markov Chains and Monte Carlo Methods},
	shorttitle = {Markov Chains and Monte Carlo},
	url = {http://users.aims.ac.za/~ioana/},
	author = {{{Cosma}, Ioana A.} and {{Evers}, Ludger}},
	howpublished = {http://users.aims.ac.za/{\textasciitilde}ioana/},
	file = {AIMS Review Course: Markov Chains and Monte Carlo Methods:/home/peadar/.mozilla/firefox/ysir6fz5.default/zotero/storage/G8FWEQ7A/~ioana.html:text/html}
},

@misc{_s.-i.,
	title = {S.-I. Amari, O. E. Barndorff-Nielsen, R. E. Kass, S. L. Lauritzen, and C. R. Rao Differential geometry in statistical inference: {(Hayward}, {CA:} Institute of Mathematical Statistics, 1987)},
	url = {http://projecteuclid.org/DPubS?service=UI&version=1.0&verb=Display&handle=euclid.lnms/1215467056},
	howpublished = {{http://projecteuclid.org/DPubS?service=UI\&version=1.0\&verb=Display\&handle=euclid.lnms/1215467056}},
	file = {S.-I. Amari, O. E. Barndorff-Nielsen, R. E. Kass, S. L. Lauritzen, and C. R. Rao Differential geometry in statistical inference: (Hayward, CA: Institute of Mathematical Statistics, 1987):/home/peadar/.mozilla/firefox/ysir6fz5.default/zotero/storage/JGF94WZN/DPubS.html:text/html}
}